
@artwork{booyabazookaTrieExampleSvg,
  title = {Trie Example.Svg},
  author = {{Booyabazooka} and {Superm401}},
  url = {https://commons.wikimedia.org/wiki/File:Trie_example.svg},
  abstract = {Example of a trie.}
}

@inproceedings{jacobsonSpaceefficientStaticTrees1989,
  title = {Space-Efficient Static Trees and Graphs},
  booktitle = {30th {{Annual Symposium}} on {{Foundations}} of {{Computer Science}}},
  author = {Jacobson, G.},
  date = {1989},
  pages = {549--554},
  publisher = {{IEEE}},
  location = {{Research Triangle Park, NC, USA}},
  doi = {10.1109/SFCS.1989.63533},
  url = {http://ieeexplore.ieee.org/document/63533/},
  urldate = {2022-04-30},
  eventtitle = {30th {{Annual Symposium}} on {{Foundations}} of {{Computer Science}}},
  isbn = {978-0-8186-1982-3},
  file = {/home/michael/Zotero/storage/BTCLCN2H/Jacobson - 1989 - Space-efficient static trees and graphs.pdf}
}

@inproceedings{zhangSuRFPracticalRange2018,
  title = {{{SuRF}}: {{Practical Range Query Filtering}} with {{Fast Succinct Tries}}},
  shorttitle = {{{SuRF}}},
  booktitle = {Proceedings of the 2018 {{International Conference}} on {{Management}} of {{Data}}},
  author = {Zhang, Huanchen and Lim, Hyeontaek and Leis, Viktor and Andersen, David G. and Kaminsky, Michael and Keeton, Kimberly and Pavlo, Andrew},
  date = {2018-05-27},
  pages = {323--336},
  publisher = {{ACM}},
  location = {{Houston TX USA}},
  doi = {10.1145/3183713.3196931},
  url = {https://dl.acm.org/doi/10.1145/3183713.3196931},
  urldate = {2022-04-14},
  eventtitle = {{{SIGMOD}}/{{PODS}} '18: {{International Conference}} on {{Management}} of {{Data}}},
  isbn = {978-1-4503-4703-7},
  langid = {english},
  file = {/home/michael/Zotero/storage/9SYP8BPX/Zhang et al. - 2018 - SuRF Practical Range Query Filtering with Fast Su.pdf}
}


